%-----------------------------------
%	REFERENCES
%-----------------------------------
@misc{golang,
  author       = {{The Go Authors}},
  title        = {The Go Programming Language},
  year         = {2012},
  howpublished = {\url{https://golang.org}},
  note         = {Accessed: 2025-06-11},
  keywords     = {references}
}

@misc{kubernetes-docs,
  title         = {Kubernetes Documentation},
  howpublished  = {\url{https://kubernetes.io/docs/}},
  note          = {Accessed: 2025-06-11},
  keywords      = {references}
}

@book{newman-microservices,
  author      = {Sam Newman},
  title       = {Building Microservices},
  year        = {2015},
  publisher   = {O'Reilly Media},
  keywords    = {references}

}

@misc{minio-docs,
  title         = {MinIO Documentation},
  howpublished  = {\url{https://min.io/docs}},
  note          = {Accessed: 2025-06-11},
  keywords      = {references}
}

@article{duckdb-paper,
  author        = {Mark Raasveldt and Hannes Mühleisen},
  title         = {DuckDB: an embeddable analytical database},
  journal       = {Proceedings of the 2020 ACM SIGMOD},
  year          = {2020},
  keywords      = {references}
}

@misc{docker-docs,
  title           = {Docker Documentation},
  howpublished    = {\url{https://docs.docker.com/}},
  note            = {Accessed: 2025-06-11},
  keywords        = {references}
}

@misc{ietf-websocket,
  author        = {Fette, Ian and Melnikov, Alexey},
  title         = {The WebSocket Protocol},
  howpublished  = {RFC 6455, IETF},
  year          = {2011},
  note          = {\url{https://tools.ietf.org/html/rfc6455}},
  keywords      = {references}
}

@misc{batch-processing,
  title         = {Batch Processing Definition},
  howpublished  = {\url{https://www.ibm.com/docs/en/i/7.4?topic=concepts-batch-processing}},
  note          = {Accessed: 2025-06-11},
  keywords      = {references}
}

@book{tanenbaum-os,
  author      = {Andrew S. Tanenbaum and Herbert Bos},
  title       = {Modern Operating Systems},
  publisher   = {Pearson},
  year        = {2015},
  edition     = {4th},
  keywords    = {references}
}

@book{ferraiolo-auth,
  author      = {David Ferraiolo, D. Richard Kuhn, and Ramaswamy Chandramouli},
  title       = {Role-Based Access Control},
  publisher   = {Artech House},
  year        = {2003},
  keywords    = {references}
}

@misc{cncf-storage,
  title         = {CNCF Cloud Native Storage Whitepaper},
  author        = {Cloud Native Computing Foundation},
  howpublished  = {\url{https://github.com/cncf/tag-storage/blob/main/whitepapers/cloud-native-storage.md}},
  note          = {Accessed: 2025-06-11},
  keywords      = {references}
}

@misc{airflow,
  title         = {Apache Airflow},
  howpublished  = {\url{https://airflow.apache.org/}},
  note          = {Accessed: 2025-06-11},
  keywords      = {references}
}

@misc{spark,
  title         = {Apache Spark},
  howpublished  = {\url{https://spark.apache.org/}},
  note          = {Accessed: 2025-06-11},
  keywords      = {references}
}

@misc{luigi,
  title         = {Luigi - Python Module for Workflow Management},
  howpublished  = {\url{https://github.com/spotify/luigi}},
  note          = {Accessed: 2025-06-11},
  keywords      = {references}
}

@article{lakehouse,
  author    = {Armbrust, Michael and Others},
  title     = {Lakehouse: A New Generation of Open Platforms that Unify Data Warehousing and Advanced Analytics},
  journal   = {CIDR},
  year      = {2021},
  keywords  = {references}
}

@misc{biglake,
  title        = {Google BigLake Documentation},
  howpublished = {\url{https://cloud.google.com/biglake}},
  note         = {Accessed: 2025-06-11},
  keywords     = {references}
}

@misc{aws-lake-formation,
  author       = {{Amazon Web Services}},
  title        = {AWS Lake Formation},
  howpublished = {\url{https://aws.amazon.com/lake-formation/}},
  year         = {2025},
  note         = {Accessed: 2025-06-11},
  keywords     = {references}
}


@misc{openshift,
  title         = {Red Hat OpenShift},
  howpublished  = {\url{https://www.openshift.com/}},
  note          = {Accessed: 2025-06-11},
  keywords      = {references}
}

@misc{jupyterhub,
  title         = {JupyterHub},
  howpublished  = {\url{https://jupyter.org/hub}},
  note          = {Accessed: 2025-06-11},
  keywords      = {references}
}

@misc{keycloak,
  title           = {Keycloak Documentation},
  howpublished    = {\url{https://www.keycloak.org/}},
  note            = {Accessed: 2025-06-11},
  keywords        = {references}
}

@misc{sqlite-docs,
  title           = {SQLite Documentation},
  author          = {SQLite Consortium},
  howpublished    = {\url{https://www.sqlite.org/docs.html}},
  note            = {Accessed: 2025-06-11},
  keywords        = {references}
}

@misc{jwt-spec,
  title         = {RFC 7519: JSON Web Token (JWT)},
  author        = {Jones, Michael B.},
  year          = {2015},
  howpublished  = {\url{https://datatracker.ietf.org/doc/html/rfc7519}},
  note          = {Accessed: 2025-06-11},
  keywords      = {references}
}

@misc{bcrypt,
  title        = {Bcrypt Password Hashing},
  howpublished = {\url{https://en.wikipedia.org/wiki/Bcrypt}},
  note         = {Accessed: 2025-06-11},
  keywords     = {references}
}

@inproceedings{duckdb-paper,
  author    = {Mark Raasveldt and Hannes M{\"u}hleisen},
  title     = {DuckDB: an embeddable analytical database},
  booktitle = {Proceedings of the 2020 ACM SIGMOD International Conference on Management of Data},
  year      = {2020},
  pages     = {1981--1994},
  publisher = {ACM},
  doi       = {10.1145/3318464.3386134},
  keywords  = {references}
}

@misc{jwt-rfc7519,
  author       = {Michael B. Jones},
  title        = {JSON Web Token (JWT)},
  howpublished = {\url{https://datatracker.ietf.org/doc/html/rfc7519}},
  year         = {2015},
  note         = {RFC 7519, IETF. Accessed: 2025-06-11},
  keywords     = {references}
}


@misc{oauth2-rfc6749,
  author       = {D. Hardt},
  title        = {The OAuth 2.0 Authorization Framework},
  howpublished = {\url{https://datatracker.ietf.org/doc/html/rfc6749}},
  year         = {2012},
  note         = {RFC 6749, IETF. Accessed: 2025-06-11},
  keywords     = {references}
}

@misc{json-rfc8259,
  author       = {T. Bray},
  title        = {The JavaScript Object Notation (JSON) Data Interchange Format},
  howpublished = {\url{https://datatracker.ietf.org/doc/html/rfc8259}},
  year         = {2017},
  note         = {RFC 8259, IETF. Accessed: 2025-06-11},
  keywords     = {references}
}

@article{mckinney-proc-scipy-2010,
  author    = {Wes McKinney},
  title     = {Data Structures for Statistical Computing in Python},
  journal   = {Proceedings of the 9th Python in Science Conference},
  year      = {2010},
  editor    = {Stéfan van der Walt and Jarrod Millman},
  pages     = {51--56},
  doi       = {10.25080/Majora-92bf1922-00a},
  keywords  = {references}
}

@misc{ffmpeg,
  title        = {FFmpeg},
  author       = {FFmpeg Developers},
  year         = {2024},
  howpublished = {\url{https://ffmpeg.org/}},
  note         = {Version used: 6.x. Accessed: 2025-06-11},
  keywords     = {references}
}


@mastersthesis{caengine-thesis,
  author       = {Aikaterini Tsimpirdoni},
  title        = {Remote Execution of an FPGA-based Cellular Automata Accelerator on the Amazon F1 Cloud},
  school       = {School of Electrical and Computer Engineering, Technical University of Crete},
  year         = {2024},
  type         = {MSc Thesis}, 
  note         = {Unpublished, available in print at the university library},
  keywords     = {references}
}

@techreport{nist-paas,
  author      = {Peter Mell and Timothy Grance},
  title       = {The NIST Definition of Cloud Computing},
  institution = {National Institute of Standards and Technology},
  number      = {Special Publication 800-145},
  year        = {2011},
  url         = {https://doi.org/10.6028/NIST.SP.800-145},
  note        = {Defines PaaS, IaaS, SaaS models. Accessed: 2025-06-11},
  keywords    = {references}
}

@misc{heroku,
  author       = {{Heroku Inc.}},
  title        = {Heroku - Cloud Application Platform},
  howpublished = {\url{https://www.heroku.com}},
  year         = {2025},
  note         = {Accessed: 2025-06-11},
  keywords     = {references}
}

@misc{appengine,
  author       = {{Google Cloud}},
  title        = {Google App Engine Documentation},
  howpublished = {\url{https://cloud.google.com/appengine}},
  year         = {2025},
  note         = {Accessed: 2025-06-11},
  keywords     = {references}
}


@misc{openid-connect,
  author       = {{OpenID Foundation}},
  title        = {OpenID Connect Core 1.0},
  howpublished = {\url{https://openid.net/specs/openid-connect-core-1_0.html}},
  year         = {2014},
  note         = {Accessed: 2025-06-11},
  keywords     = {references}
}

@article{sandhu-rbac,
  author    = {Ravi S. Sandhu and Edward J. Coyne and Hal L. Feinstein and Charles E. Youman},
  title     = {Role-Based Access Control Models},
  journal   = {IEEE Computer},
  year      = {1996},
  volume    = {29},
  number    = {2},
  pages     = {38--47},
  doi       = {10.1109/2.485845},
  keywords  = {references}
}

@inproceedings{airflow-dag,
  author    = {Maxime Beauchemin},
  title     = {Apache Airflow: A Workflow Management Platform},
  booktitle = {Proceedings of the 2016 IEEE International Conference on Data Engineering Workshops (ICDEW)},
  year      = {2016},
  pages     = {300--301},
  publisher = {IEEE},
  doi       = {10.1109/ICDEW.2016.7479613},
  keywords  = {references}
}

@book{fowler-dsl,
  author    = {Martin Fowler},
  title     = {Domain-Specific Languages},
  publisher = {Addison-Wesley},
  year      = {2010},
  isbn      = {9780321712943},
  keywords  = {references}
}

@misc{firebase-auth,
  author       = {{Google Firebase Team}},
  title        = {Firebase Authentication},
  howpublished = {\url{https://firebase.google.com/products/auth}},
  year         = {2025},
  note         = {Accessed: 2025-06-11},
  keywords     = {references}
}

@misc{auth0,
  author       = {{Auth0 Inc.}},
  title        = {Auth0 Identity Platform},
  howpublished = {\url{https://auth0.com/}},
  year         = {2025},
  note         = {Accessed: 2025-06-11},
  keywords     = {references}
}



@phdthesis{fielding-rest,
  author    = {Roy T. Fielding},
  title     = {Architectural Styles and the Design of Network-based Software Architectures},
  school    = {University of California, Irvine},
  year      = {2000},
  url       = {https://www.ics.uci.edu/~fielding/pubs/dissertation/top.htm},
  keywords  = {references}
}

@misc{sha256-rfc6234,
  author       = {D. Eastlake},
  title        = {US Secure Hash Algorithms (SHA and SHA-based HMAC and HKDF)},
  howpublished = {\url{https://datatracker.ietf.org/doc/html/rfc6234}},
  year         = {2011},
  note         = {RFC 6234. Accessed: 2025-06-11},
  keywords     = {references}
}

@misc{jose-algorithms,
  author       = {Michael B. Jones},
  title        = {JSON Web Algorithms (JWA)},
  howpublished = {\url{https://datatracker.ietf.org/doc/html/rfc7518}},
  year         = {2015},
  note         = {RFC 7518. Accessed: 2025-06-11},
  keywords     = {references}
}

@misc{posix-acl,
  author       = {IEEE},
  title        = {POSIX.1e Access Control Lists},
  howpublished = {\url{https://pubs.opengroup.org/onlinepubs/009696899/}},
  year         = {1997},
  note         = {Accessed: 2025-06-11},
  keywords     = {references}
}

@inproceedings{bcrypt,
  author    = {Niels Provos and David Mazieres},
  title     = {A Future-Adaptable Password Scheme},
  booktitle = {Proceedings of the 1999 USENIX Annual Technical Conference},
  year      = {1999},
  pages     = {81--91},
  publisher = {USENIX Association},
  url       = {https://www.usenix.org/legacy/events/usenix99/provos/provos.pdf},
  keywords  = {references}
}

@misc{htmx-docs,
  author       = {Carson Gross},
  title        = {HTMX: High power tools for HTML},
  year         = {2020},
  howpublished = {\url{https://htmx.org}},
  note         = {Accessed: 2025-06-11},
  keywords     = {references},
}

@misc{codemirror,
  author       = {Marijn Haverbeke and contributors},
  title        = {CodeMirror},
  year         = {2024},
  howpublished = {\url{https://codemirror.net/}},
  note         = {Accessed: 2025-06-17},
  keywords     = {references},
}

@misc{fontawesome,
  author       = {Fonticons, Inc.},
  title        = {Font Awesome Free},
  year         = {2024},
  howpublished = {\url{https://fontawesome.com/}},
  note         = {Accessed: 2025-06-17},
  keywords     = {references},
}

@misc{dalleicon,
  author       = {OpenAI},
  title        = {DALL·E Image Generator},
  year         = {2024},
  howpublished = {\url{https://openai.com/dall-e}},
  note         = {Accessed: 2025-06-17},
  keywords     = {references},
}

@misc{gingonic,
  author       = {Manu Mtz-Almeida and Gin Contributors},
  title        = {Gin Web Framework},
  year         = {2024},
  howpublished = {\url{https://gin-gonic.com/}},
  note         = {Accessed: 2025-06-17},
  keywords     = {references},
}


@misc{golangcilint,
  title         = {golangci-lint: Fast Go linters runner},
  howpublished  = {\url{https://github.com/golangci/golangci-lint}},
  note          = {Accessed: 2025-06-17},
  keywords      = {references},
}

@misc{swagger,
  title         = {Swagger: API Documentation Tools},
  howpublished  = {\url{https://swagger.io/}},
  note          = {Accessed: 2025-06-17},
  keywords      = {references},
}

@misc{golds,
  title         = {golds: A Go documentation server},
  author        = {Chai2010},
  howpublished  = {\url{https://github.com/go101/golds}},
  note          = {Accessed: 2025-06-17},
  keywords      = {references},
}

@misc{air,
  title         = {air: Live reload for Go apps},
  author        = {Cosmtrek},
  howpublished  = {\url{https://github.com/cosmtrek/air}},
  note          = {Accessed: 2025-06-17},
  keywords      = {references},
}




%-----------------------------------
%	EXTERNAL LINKS
%-----------------------------------

@article{Wikipedia,
	title = "Wikipedia",
	url = "https://www.wikipedia.com/",
	keywords = {link},
}

@misc{google-kubernetes,
  author       = {{Google Inc.}},
  title        = {Kubernetes: Production-Grade Container Orchestration},
  year         = {2014},
  howpublished = {\url{https://kubernetes.io}},
  note         = {Originally developed at Google. Accessed: 2025-06-11},
  keywords     = {link},
}

@misc{cncf-kubernetes,
  author       = {{Cloud Native Computing Foundation}},
  title        = {Kubernetes Project},
  howpublished = {\url{https://www.cncf.io/projects/kubernetes/}},
  year         = {2024},
  note         = {Accessed: 2025-06-11},
  keywords     = {link},
}

@misc{minioth,
  author    = {{Kyriakos Chalvatzis}},
  title     = "Minioth",
  year      = {2025},
  url       = "https://github.com/kyri56xcaesar/kuspace/tree/on-k8s/pkg/minioth",
  keywords  = {link}
}





%-----------------------------------
%	Unused references
%-----------------------------------